@online { savin
        , title = {Numbers, Groups, and Cryptography}
        , author = {Gordan Savin}
        , date = {2015-08}
        , url = {http://www.math.utah.edu/~savin/book15.pdf}
        , urldate = {2016-08-07}
        }